@misc{myref,
    author    = "John Doe",
    title     = "Title"
}
